<?xml version="1.0" encoding="UTF-8"?><collection xmlns="http://www.loc.gov/MARC21/slim"><record><leader>00429nam--2200145-i-4500</leader><controlfield tag="001">000014089</controlfield><controlfield tag="002">20161230</controlfield><controlfield tag="005">20161230201030</controlfield><controlfield tag="008">060222s1000------------r-----000-0-eng-d</controlfield><datafield ind1=" " ind2=" " tag="080"><subfield code="a">517.988.5(043)</subfield></datafield><datafield ind1=" " ind2=" " tag="100"><subfield code="a">Boussi, Pierre</subfield></datafield><datafield ind1=" " ind2=" " tag="245"><subfield code="a">Sur la solutio elementaire d`un operateur para bolique lineaire sur une variete. these</subfield></datafield><datafield ind1=" " ind2=" " tag="260"><subfield code="a">Orleans, Universite, 1979. 79 P</subfield></datafield><datafield ind1=" " ind2=" " tag="852"><subfield code="a">49681</subfield><subfield code="c">517.9</subfield></datafield><datafield ind1=" " ind2=" " tag="CAT"><subfield code="a">Sys</subfield><subfield code="c">20090325</subfield><subfield code="h">121313</subfield></datafield></record></collection>